<?xml version="1.0" encoding="UTF-8"?><record xmlns="http://www.loc.gov/MARC21/slim" xmlns:cinclude="http://apache.org/cocoon/include/1.0" xmlns:zs="http://www.loc.gov/zing/srw/">
  <leader>00711cz  a2200169n  4500</leader>
  <controlfield tag="001">no2003092048</controlfield>
  <controlfield tag="003">DLC</controlfield>
  <controlfield tag="005">20080814080237.0</controlfield>
  <controlfield tag="008">030915n| acannaabn          |b aaa     c</controlfield>
  <datafield tag="010" ind1=" " ind2=" ">
    <subfield code="a">no2003092048</subfield>
  </datafield>
  <datafield tag="035" ind1=" " ind2=" ">
    <subfield code="a">(OCoLC)oca06153389</subfield>
  </datafield>
  <datafield tag="040" ind1=" " ind2=" ">
    <subfield code="a">MH-HY</subfield>
    <subfield code="b">eng</subfield>
    <subfield code="c">MH-HY</subfield>
    <subfield code="d">OCoLC</subfield>
  </datafield>
  <datafield tag="100" ind1="1" ind2=" ">
    <subfield code="a">Arai, Tomio,</subfield>
    <subfield code="d">1929-</subfield>
  </datafield>
  <datafield tag="400" ind1="1" ind2=" ">
    <subfield code="a">荒井富雄,</subfield>
    <subfield code="d">1929-</subfield>
  </datafield>
  <datafield tag="667" ind1=" " ind2=" ">
    <subfield code="a">Machine-derived non-Latin script reference project.</subfield>
  </datafield>
  <datafield tag="667" ind1=" " ind2=" ">
    <subfield code="a">Non-Latin script reference not evaluated.</subfield>
  </datafield>
  <datafield tag="670" ind1=" " ind2=" ">
    <subfield code="a">Shōchiku Ōfuna Ōshimagumi, 2000:</subfield>
    <subfield code="b">t.p. (Arai Tomio) colophon (r; b. 1929 in Tōkyō; 1947, joined Shōchiku Kabushiki Kaisha; remained there till 1976; proprietor, a Japanese inn; special prize awarded by Ryokō Shinbunsha in 1993)</subfield>
  </datafield>
</record>